
<record>
  <leader>01651cam a22002897a 4500</leader>
  <controlfield tag="001">16246146</controlfield>
  <controlfield tag="005">20140114150152.0</controlfield>
  <controlfield tag="008">100521s2010    nyu           000 0 eng d</controlfield>
  <datafield tag="906" ind1=" " ind2=" ">
    <subfield code="a">7</subfield>
    <subfield code="b">cbc</subfield>
    <subfield code="c">copycat</subfield>
    <subfield code="d">2</subfield>
    <subfield code="e">epcn</subfield>
    <subfield code="f">20</subfield>
    <subfield code="g">y-gencatlg</subfield>
  </datafield>
  <datafield tag="925" ind1="0" ind2=" ">
    <subfield code="a">acquire</subfield>
    <subfield code="b">2 shelf copies</subfield>
    <subfield code="x">policy default</subfield>
  </datafield>
  <datafield tag="955" ind1=" " ind2=" ">
    <subfield code="a">pc24 2010-05-21</subfield>
    <subfield code="b">rg04 2011-04-27 z-processor</subfield>
    <subfield code="c">rg06 2011-06-15 to subj.</subfield>
    <subfield code="i">hh12 2014-01-14 to Dewey</subfield>
  </datafield>
  <datafield tag="010" ind1=" " ind2=" ">
    <subfield code="a">  2010929303</subfield>
  </datafield>
  <datafield tag="020" ind1=" " ind2=" ">
    <subfield code="a">9780979979224 (pbk.)</subfield>
  </datafield>
  <datafield tag="020" ind1=" " ind2=" ">
    <subfield code="a">0979979226</subfield>
  </datafield>
  <datafield tag="035" ind1=" " ind2=" ">
    <subfield code="a">(OCoLC)ocn683322090</subfield>
  </datafield>
  <datafield tag="040" ind1=" " ind2=" ">
    <subfield code="a">OEL</subfield>
    <subfield code="c">OEL</subfield>
    <subfield code="d">DLC</subfield>
  </datafield>
  <datafield tag="042" ind1=" " ind2=" ">
    <subfield code="a">lccopycat</subfield>
  </datafield>
  <datafield tag="043" ind1=" " ind2=" ">
    <subfield code="a">n-us---</subfield>
  </datafield>
  <datafield tag="050" ind1="0" ind2="0">
    <subfield code="a">PS326</subfield>
    <subfield code="b">.H45 2010</subfield>
  </datafield>
  <datafield tag="245" ind1="0" ind2="0">
    <subfield code="a">Hell strung and crooked /</subfield>
    <subfield code="c">[editor, Jane Ormerod].</subfield>
  </datafield>
  <datafield tag="250" ind1=" " ind2=" ">
    <subfield code="a">1st ed.</subfield>
  </datafield>
  <datafield tag="260" ind1=" " ind2=" ">
    <subfield code="a">New York :</subfield>
    <subfield code="b">Uphook Press,</subfield>
    <subfield code="c">c2010.</subfield>
  </datafield>
  <datafield tag="300" ind1=" " ind2=" ">
    <subfield code="a">133 p. ;</subfield>
    <subfield code="c">23 cm.</subfield>
  </datafield>
  <datafield tag="520" ind1=" " ind2=" ">
    <subfield code="a">Poems featuring poets : Lenore Balliro, Samantha Barrow, Paul M. L. Belanger, Alex O. Bleecker, Meredith Devney, Malaika Favorite, Joseph Fritsch, Christian Georgescu, Robert Gibbons, Thomas Gibney, Deborah Hauser, Suzanne Heagy, Aimee Herman, R. Nemo Hill, Vicki Iorio, Kit Kennedy, Stephen Kopel, David Lawton, Richard Loranger, E. K. Mortenson, Nancy Carol Moody, Puma Perl, John Marcus Powell, Bob Quatrone, Seraphime Rhyianir, Lynn Samsel, Jackie Sheeler, Mary McLaughlin Slechta, Elliot D. Smith, Laura L. Snyder, Francesca Sphynx, Gregory Vincent St. Thomasino, Charles F. Thielman, Andrew Topel, John J. Trause, Geoffrey Kagan Trenchard, Stephanie Valente, Jacob Victorine, Ocean Vuong, Bruce Weber, and Laura Madeline Wiseman and an interview with Mike Doty.</subfield>
  </datafield>
  <datafield tag="650" ind1=" " ind2="0">
    <subfield code="a">American poetry.</subfield>
  </datafield>
  <datafield tag="700" ind1="1" ind2=" ">
    <subfield code="a">Ormerod, Jane.</subfield>
  </datafield>
  <datafield tag="923" ind1=" " ind2=" ">
    <subfield code="a">katho copy fy14</subfield>
  </datafield>
</record>