
<record>
  <leader>01803cam a22003853a 4500</leader>
  <controlfield tag="001">16035599</controlfield>
  <controlfield tag="005">20110128170242.0</controlfield>
  <controlfield tag="008">091228s1962    xx            000 0deng  </controlfield>
  <datafield tag="906" ind1=" " ind2=" ">
    <subfield code="a">7</subfield>
    <subfield code="b">cbc</subfield>
    <subfield code="c">origres</subfield>
    <subfield code="d">2</subfield>
    <subfield code="e">ncip</subfield>
    <subfield code="f">20</subfield>
    <subfield code="g">y-genrareb</subfield>
  </datafield>
  <datafield tag="955" ind1=" " ind2=" ">
    <subfield code="b">he11 2009-12-28</subfield>
    <subfield code="h">he11 2009-12-28</subfield>
  </datafield>
  <datafield tag="010" ind1=" " ind2=" ">
    <subfield code="a">  2009666226</subfield>
  </datafield>
  <datafield tag="040" ind1=" " ind2=" ">
    <subfield code="a">DLC</subfield>
    <subfield code="c">DLC</subfield>
  </datafield>
  <datafield tag="050" ind1="0" ind2="0">
    <subfield code="a">PN2093</subfield>
    <subfield code="b">.C64 1995 no. R86</subfield>
  </datafield>
  <datafield tag="245" ind1="0" ind2="4">
    <subfield code="a">The high school.</subfield>
  </datafield>
  <datafield tag="246" ind1="1" ind2="4">
    <subfield code="a">Three at 8:30</subfield>
  </datafield>
  <datafield tag="260" ind1=" " ind2=" ">
    <subfield code="c">[1962].</subfield>
  </datafield>
  <datafield tag="300" ind1=" " ind2=" ">
    <subfield code="a">1 v. (theater program).</subfield>
  </datafield>
  <datafield tag="520" ind1=" " ind2=" ">
    <subfield code="a">Three at 8:30, directed by Samuel Rosen: &quot;The High School,&quot; by Sholom Aleichem (Arnold Perl adaptation), sets by George DeVincent, lighting by Tom Edmonston, costumes by Marjorie Slaiman, music for the &quot;High School&quot; by Serge Hovey and Robert De Cormier.</subfield>
  </datafield>
  <datafield tag="500" ind1=" " ind2=" ">
    <subfield code="a">Washington Theater Club, [1962].</subfield>
  </datafield>
  <datafield tag="500" ind1=" " ind2=" ">
    <subfield code="a">Title devised by Library staff.</subfield>
  </datafield>
  <datafield tag="500" ind1=" " ind2=" ">
    <subfield code="a">Cast: Lou Polan, Anne Revere, Nathaniel Addelman, Robert Lindsay, Frank Birney, Diana Florey, Roy Pritchard, Lou Teitelbaum, Sonia Stein, Stanley Seidlitz, Polly Bellows, Phyllis Mostow.</subfield>
  </datafield>
  <datafield tag="501" ind1=" " ind2=" ">
    <subfield code="a">With: The rising of the moon / Lady Gregory. Issued together.</subfield>
  </datafield>
  <datafield tag="580" ind1=" " ind2=" ">
    <subfield code="a">In: Richard L. Coe Theater Programs Collection (Library of Congress).</subfield>
  </datafield>
  <datafield tag="500" ind1=" " ind2=" ">
    <subfield code="a">LC copy shelved under: Rising of the moon.</subfield>
    <subfield code="5">DLC</subfield>
  </datafield>
  <datafield tag="655" ind1=" " ind2="7">
    <subfield code="a">Theater programs</subfield>
    <subfield code="z">Washington (D.C.)</subfield>
    <subfield code="2">rbgenr</subfield>
  </datafield>
  <datafield tag="655" ind1=" " ind2="7">
    <subfield code="a">Theater programs</subfield>
    <subfield code="y">1962.</subfield>
    <subfield code="2">rbgenr</subfield>
  </datafield>
  <datafield tag="700" ind1="1" ind2=" ">
    <subfield code="a">Rosen, Sam,</subfield>
    <subfield code="d">1925-2005.</subfield>
  </datafield>
  <datafield tag="700" ind1="1" ind2=" ">
    <subfield code="a">Hovey, Serge.</subfield>
  </datafield>
  <datafield tag="700" ind1="1" ind2=" ">
    <subfield code="a">De Cormier, Robert.</subfield>
  </datafield>
  <datafield tag="700" ind1="1" ind2=" ">
    <subfield code="a">Sholem Aleichem,</subfield>
    <subfield code="d">1859-1916.</subfield>
  </datafield>
  <datafield tag="700" ind1="1" ind2=" ">
    <subfield code="a">Perl, Arnold.</subfield>
  </datafield>
  <datafield tag="710" ind1="2" ind2=" ">
    <subfield code="a">Washington Theater Club (Organization : Washington, D.C.)</subfield>
  </datafield>
  <datafield tag="710" ind1="2" ind2=" ">
    <subfield code="a">Richard L. Coe Theater Programs Collection (Library of Congress)</subfield>
    <subfield code="5">DLC</subfield>
  </datafield>
  <datafield tag="752" ind1=" " ind2=" ">
    <subfield code="a">United States</subfield>
    <subfield code="b">District of Columbia</subfield>
    <subfield code="d">Washington.</subfield>
  </datafield>
  <datafield tag="952" ind1=" " ind2=" ">
    <subfield code="a">Coe Programs R86</subfield>
  </datafield>
</record>