
<record>
  <leader>03516cam a2200349 a 4500</leader>
  <controlfield tag="001">16584669</controlfield>
  <controlfield tag="005">20110720144635.0</controlfield>
  <controlfield tag="008">101218s2011    enk      b    001 0 eng  </controlfield>
  <datafield tag="906" ind1=" " ind2=" ">
    <subfield code="a">7</subfield>
    <subfield code="b">cbc</subfield>
    <subfield code="c">orignew</subfield>
    <subfield code="d">1</subfield>
    <subfield code="e">ecip</subfield>
    <subfield code="f">20</subfield>
    <subfield code="g">y-gencatlg</subfield>
  </datafield>
  <datafield tag="925" ind1="0" ind2=" ">
    <subfield code="a">acquire</subfield>
    <subfield code="b">2 shelf copies</subfield>
    <subfield code="x">policy default</subfield>
  </datafield>
  <datafield tag="955" ind1=" " ind2=" ">
    <subfield code="b">xj10 2010-12-18</subfield>
    <subfield code="c">xj10 2010-12-18 ONIX  to Literature</subfield>
    <subfield code="d">rg16 2010-12-20 to CIP (Dewey completed)</subfield>
    <subfield code="a">uf29 2011-06-11 1 copy rec&apos;d., to CIP ver.</subfield>
    <subfield code="f">xh04 2011-07-12 Z-CipVer To CALM</subfield>
    <subfield code="t">rf10 2011-07-20 copy 2 added</subfield>
  </datafield>
  <datafield tag="010" ind1=" " ind2=" ">
    <subfield code="a">  2010051871</subfield>
  </datafield>
  <datafield tag="020" ind1=" " ind2=" ">
    <subfield code="a">9780521519441 (hardback)</subfield>
  </datafield>
  <datafield tag="040" ind1=" " ind2=" ">
    <subfield code="a">DLC</subfield>
    <subfield code="c">DLC</subfield>
    <subfield code="d">DLC</subfield>
  </datafield>
  <datafield tag="042" ind1=" " ind2=" ">
    <subfield code="a">pcc</subfield>
  </datafield>
  <datafield tag="043" ind1=" " ind2=" ">
    <subfield code="a">e-uk---</subfield>
  </datafield>
  <datafield tag="050" ind1="0" ind2="0">
    <subfield code="a">PR478.M6</subfield>
    <subfield code="b">M616 2011</subfield>
  </datafield>
  <datafield tag="082" ind1="0" ind2="0">
    <subfield code="a">820.9/112</subfield>
    <subfield code="2">22</subfield>
  </datafield>
  <datafield tag="084" ind1=" " ind2=" ">
    <subfield code="a">LIT004120</subfield>
    <subfield code="2">bisacsh</subfield>
  </datafield>
  <datafield tag="245" ind1="0" ind2="0">
    <subfield code="a">Modernism and race /</subfield>
    <subfield code="c">edited by Len Platt.</subfield>
  </datafield>
  <datafield tag="260" ind1=" " ind2=" ">
    <subfield code="a">Cambridge ;</subfield>
    <subfield code="a">New York :</subfield>
    <subfield code="b">Cambridge University Press,</subfield>
    <subfield code="c">2011.</subfield>
  </datafield>
  <datafield tag="300" ind1=" " ind2=" ">
    <subfield code="a">ix, 219 p. ;</subfield>
    <subfield code="c">24 cm.</subfield>
  </datafield>
  <datafield tag="520" ind1=" " ind2=" ">
    <subfield code="a">&quot;The &apos;transnational&apos; turn has transformed modernist studies, challenging Western authority over modernism and positioning race and racial theories at the very centre of how we now understand modern literature. Modernism and Race examines relationships between racial typologies and literature in the late nineteenth and early twentieth centuries, drawing on fin de sie;cle versions of anthropology, sociology, political science, linguistics and biology. Collectively, these essays interrogate the anxieties and desires that are expressed in, or projected onto, racialized figures. They include new outlines of how the critical field has developed, revaluations of canonical modernist figures like James Joyce, T. S. Eliot, Ford Madox Ford and Wyndham Lewis, and accounts of writers often positioned at the margins of modernism, such as Zora Neale Hurston, Claude McKay and the Holocaust writers Solomon Perel and Gisella Perl. This timely collection by leading scholars of modernism will make an important contribution to a growing field&quot;--</subfield>
    <subfield code="c">Provided by publisher.</subfield>
  </datafield>
  <datafield tag="505" ind1="8" ind2=" ">
    <subfield code="a">Machine generated contents note: Introduction; 1. Germanism, the modern and &apos;England&apos; - 1880-1930: a literary overview Len Platt; 2. &apos;All these fellows are ourselves&apos;: Ford Madox Ford, race, and Europe Max Saunders; 3. &apos;Tis optophone which ontophanes&apos;: race, the modern and Irish revivalism Kaori Nagai; 4. Generating modernism and New Criticism from anti-Semitism: Laura Riding and Robert Graves read T. S. Eliot&apos;s early poetry Donald J. Childs; 5. Race, modernism, and the question of late style in Kipling&apos;s racial narratives David Glover; 6. Atlantic modernism at the crossing: the migrant labours of Hurston, McKay, and the diasporic text Laura Doyle; 7. Claude McKay in Britain: race, sexuality and poetry Howard J. Booth; 8. Wyndham Lewis and the modernists: internationalism and race David Ayers; 9. Until Hanandhunagan&apos;s extermination&apos;: racialized histories of the world - Joyce and China Finn Fordham; 10. Race, gender, and the Holocaust: traumatic modernity, traumatic modernism Phyllis Lassner; Index.</subfield>
  </datafield>
  <datafield tag="504" ind1=" " ind2=" ">
    <subfield code="a">Includes bibliographical references and index.</subfield>
  </datafield>
  <datafield tag="650" ind1=" " ind2="0">
    <subfield code="a">English literature</subfield>
    <subfield code="y">20th century</subfield>
    <subfield code="x">History and criticism.</subfield>
  </datafield>
  <datafield tag="650" ind1=" " ind2="0">
    <subfield code="a">English literature</subfield>
    <subfield code="y">19th century</subfield>
    <subfield code="x">History and criticism.</subfield>
  </datafield>
  <datafield tag="650" ind1=" " ind2="0">
    <subfield code="a">Modernism (Literature)</subfield>
    <subfield code="z">English-speaking countries.</subfield>
  </datafield>
  <datafield tag="650" ind1=" " ind2="0">
    <subfield code="a">Race in literature.</subfield>
  </datafield>
  <datafield tag="650" ind1=" " ind2="7">
    <subfield code="a">LITERARY CRITICISM / European / English, Irish, Scottish, Welsh</subfield>
    <subfield code="2">bisacsh.</subfield>
  </datafield>
  <datafield tag="700" ind1="1" ind2=" ">
    <subfield code="a">Platt, Len.</subfield>
  </datafield>
  <datafield tag="856" ind1="4" ind2="2">
    <subfield code="3">Cover image</subfield>
    <subfield code="u">http://assets.cambridge.org/97805215/19441/cover/9780521519441.jpg</subfield>
  </datafield>
</record>