
<record>
  <leader>01725cam a22002893a 4500</leader>
  <controlfield tag="001">14363247</controlfield>
  <controlfield tag="005">20100617102433.0</controlfield>
  <controlfield tag="006">s||||||||||||   |2</controlfield>
  <controlfield tag="007">cr |||||||||||</controlfield>
  <controlfield tag="008">060503m200u9999inu|||||s|||||||| ||eng| </controlfield>
  <datafield tag="906" ind1=" " ind2=" ">
    <subfield code="a">0</subfield>
    <subfield code="b">cbc</subfield>
    <subfield code="c">orignew</subfield>
    <subfield code="d">2</subfield>
    <subfield code="e">ncip</subfield>
    <subfield code="f">20</subfield>
    <subfield code="g">y-gencompf</subfield>
  </datafield>
  <datafield tag="925" ind1="0" ind2=" ">
    <subfield code="a">undetermined</subfield>
    <subfield code="x">camm</subfield>
  </datafield>
  <datafield tag="955" ind1=" " ind2=" ">
    <subfield code="a">vb54 2006-05-03</subfield>
    <subfield code="i">vb54 2006-05-03</subfield>
    <subfield code="e">vb54 2006-05-03</subfield>
  </datafield>
  <datafield tag="955" ind1=" " ind2=" ">
    <subfield code="a">2006577713</subfield>
  </datafield>
  <datafield tag="040" ind1=" " ind2=" ">
    <subfield code="a">DLC</subfield>
    <subfield code="c">DLC</subfield>
  </datafield>
  <datafield tag="050" ind1="0" ind2="0">
    <subfield code="a">ZA4080</subfield>
  </datafield>
  <datafield tag="245" ind1="0" ind2="0">
    <subfield code="a">MyLibrary manual</subfield>
    <subfield code="h">[electronic resource].</subfield>
  </datafield>
  <datafield tag="520" ind1=" " ind2=" ">
    <subfield code="a">This manual outlines the principles and processes necessary to implement digital library collections and services. It uses MyLibrary as an example but the principles and processes can be applied to just about any digital library system or application. The manual is intended to be read by administrators who need to know what and how many resources to allocate to a digital library. It is intended to be read by librarians who are responsible for collecting and organizing content as well as ensuring the library&apos;s usability. The manual is intended to be read by systems administrators who are in charge of providing the technical infrastructure for the system. It is also intended for programers who will use the underlying Perl API to provide services against the collection.</subfield>
  </datafield>
  <datafield tag="650" ind1=" " ind2="0">
    <subfield code="a">Digital libraries</subfield>
    <subfield code="x">Planning.</subfield>
  </datafield>
  <datafield tag="650" ind1=" " ind2="0">
    <subfield code="a">Digital libraries</subfield>
    <subfield code="x">Planning</subfield>
    <subfield code="v">Case studies.</subfield>
  </datafield>
  <datafield tag="650" ind1=" " ind2="0">
    <subfield code="a">Digital libraries</subfield>
    <subfield code="x">Management.</subfield>
  </datafield>
  <datafield tag="650" ind1=" " ind2="0">
    <subfield code="a">Digital libraries</subfield>
    <subfield code="x">Management</subfield>
    <subfield code="v">Case studies.</subfield>
  </datafield>
  <datafield tag="650" ind1=" " ind2="0">
    <subfield code="a">Academic libraries</subfield>
    <subfield code="x">Automation.</subfield>
  </datafield>
  <datafield tag="650" ind1=" " ind2="0">
    <subfield code="a">Academic libraries</subfield>
    <subfield code="x">Automation</subfield>
    <subfield code="v">Case studies.</subfield>
  </datafield>
  <datafield tag="700" ind1="1" ind2=" ">
    <subfield code="a">Morgan, Eric Lease.</subfield>
  </datafield>
  <datafield tag="856" ind1="4" ind2="0">
    <subfield code="u">http://dewey.library.nd.edu/mylibrary/manual/</subfield>
  </datafield>
  <datafield tag="952" ind1=" " ind2=" ">
    <subfield code="a">access level test</subfield>
  </datafield>
</record>