
<record>
  <leader>02173cam a2200409 a 4500</leader>
  <controlfield tag="001">12722875</controlfield>
  <controlfield tag="005">20190906103103.0</controlfield>
  <controlfield tag="007">co |||||||||||</controlfield>
  <controlfield tag="008">020328s2001    caua    s     001 0 eng d</controlfield>
  <datafield tag="906" ind1=" " ind2=" ">
    <subfield code="a">7</subfield>
    <subfield code="b">cbc</subfield>
    <subfield code="c">copycat</subfield>
    <subfield code="d">2</subfield>
    <subfield code="e">ncip</subfield>
    <subfield code="f">20</subfield>
    <subfield code="g">y-gencompf</subfield>
  </datafield>
  <datafield tag="925" ind1="0" ind2=" ">
    <subfield code="a">acquire</subfield>
    <subfield code="b">2 shelf copies</subfield>
    <subfield code="x">policy default</subfield>
  </datafield>
  <datafield tag="955" ind1=" " ind2=" ">
    <subfield code="a">pv18 2002-03-28 to ASCD</subfield>
    <subfield code="a">jf00 2002-04-02; to Computer Files 05/13/02</subfield>
    <subfield code="a">vb23 2002-08-13</subfield>
    <subfield code="i">vb27 2002-08-23</subfield>
    <subfield code="e">vb27 2002-08-23 to BCCD</subfield>
  </datafield>
  <datafield tag="010" ind1=" " ind2=" ">
    <subfield code="a">  2002279084</subfield>
  </datafield>
  <datafield tag="020" ind1=" " ind2=" ">
    <subfield code="a">0596001649</subfield>
  </datafield>
  <datafield tag="020" ind1=" " ind2=" ">
    <subfield code="a">1565922867 (text)</subfield>
  </datafield>
  <datafield tag="035" ind1=" " ind2=" ">
    <subfield code="a">(OCoLC)ocm47704587</subfield>
  </datafield>
  <datafield tag="040" ind1=" " ind2=" ">
    <subfield code="a">CVU</subfield>
    <subfield code="c">CVU</subfield>
    <subfield code="d">OCLCQ</subfield>
    <subfield code="d">DLC</subfield>
  </datafield>
  <datafield tag="042" ind1=" " ind2=" ">
    <subfield code="a">lccopycat</subfield>
  </datafield>
  <datafield tag="050" ind1="0" ind2="0">
    <subfield code="a">QA76.73.P22</subfield>
  </datafield>
  <datafield tag="082" ind1="1" ind2="0">
    <subfield code="a">005.13</subfield>
    <subfield code="2">13</subfield>
  </datafield>
  <datafield tag="245" ind1="0" ind2="4">
    <subfield code="a">The Perl CD bookshelf</subfield>
    <subfield code="h">[electronic resource].</subfield>
  </datafield>
  <datafield tag="250" ind1=" " ind2=" ">
    <subfield code="a">Version 2.0.</subfield>
  </datafield>
  <datafield tag="260" ind1=" " ind2=" ">
    <subfield code="a">[Sebastopol, CA] :</subfield>
    <subfield code="b">O&apos;Reilly,</subfield>
    <subfield code="c">c2001.</subfield>
  </datafield>
  <datafield tag="300" ind1=" " ind2=" ">
    <subfield code="a">1 CD-ROM ;</subfield>
    <subfield code="c">4 3/4 in. +</subfield>
    <subfield code="e">1 text (xviii, 654 p. : ill. ; 23 cm.)</subfield>
  </datafield>
  <datafield tag="538" ind1=" " ind2=" ">
    <subfield code="a">System requirements: Browser software (such as Netscape, Internet Explorer, or Lynx) supporting HTML 4.0 or earlier versions; Java-enabled browser supporting Java engine 1.1.2 or later for the search engine.</subfield>
  </datafield>
  <datafield tag="500" ind1=" " ind2=" ">
    <subfield code="a">Title from title screen.</subfield>
  </datafield>
  <datafield tag="500" ind1=" " ind2=" ">
    <subfield code="a">Accompanying text has title: Perl in a nutshell : a desktop quick reference / Ellen Siever, Stephen Spainhour &amp; Nathan Patwardhan.</subfield>
  </datafield>
  <datafield tag="520" ind1=" " ind2=" ">
    <subfield code="a">Presents five Perl texts in HTML format.</subfield>
  </datafield>
  <datafield tag="505" ind1="0" ind2=" ">
    <subfield code="a">Perl in a nutshell / by Ellen Siever, Stephen Spainhour &amp; Nathan Patwardhan -- Programming Perl, 3rd ed. / by Larry Wall, Tom Christiansen &amp; Jon Orwant -- Advanced Perl programming / by Sriram Srinivasan -- Perl cookbook / by Tom Christiansen and Nathan Torkington -- Perl for system administration / by David N. Blank-Edelman.</subfield>
  </datafield>
  <datafield tag="650" ind1=" " ind2="0">
    <subfield code="a">Perl (Computer program language)</subfield>
  </datafield>
  <datafield tag="700" ind1="1" ind2="2">
    <subfield code="a">Siever, Ellen.</subfield>
    <subfield code="t">Perl in a nutshell.</subfield>
  </datafield>
  <datafield tag="700" ind1="1" ind2="2">
    <subfield code="a">Wall, Larry.</subfield>
    <subfield code="t">Programming Perl.</subfield>
  </datafield>
  <datafield tag="700" ind1="1" ind2="2">
    <subfield code="a">Srinivasan, Sriram.</subfield>
    <subfield code="t">Advanced Perl programming.</subfield>
  </datafield>
  <datafield tag="700" ind1="1" ind2="2">
    <subfield code="a">Christiansen, Tom.</subfield>
    <subfield code="t">Perl cookbook.</subfield>
  </datafield>
  <datafield tag="700" ind1="1" ind2="2">
    <subfield code="a">Blank-Edelman, David N.</subfield>
    <subfield code="t">Perl for system administration.</subfield>
  </datafield>
  <datafield tag="710" ind1="2" ind2=" ">
    <subfield code="a">O&apos;Reilly &amp; Associates.</subfield>
  </datafield>
  <datafield tag="856" ind1="4" ind2="2">
    <subfield code="3">Publisher description</subfield>
    <subfield code="u">http://www.loc.gov/catdir/enhancements/fy0917/2002279084-d.html</subfield>
  </datafield>
</record>