
<record>
  <leader>01296cam a22002774a 4500</leader>
  <controlfield tag="001">12204845</controlfield>
  <controlfield tag="005">20010423083746.0</controlfield>
  <controlfield tag="008">001018s2001    njua     b    001 0 eng  </controlfield>
  <datafield tag="906" ind1=" " ind2=" ">
    <subfield code="a">7</subfield>
    <subfield code="b">cbc</subfield>
    <subfield code="c">orignew</subfield>
    <subfield code="d">1</subfield>
    <subfield code="e">ocip</subfield>
    <subfield code="f">20</subfield>
    <subfield code="g">y-gencatlg</subfield>
  </datafield>
  <datafield tag="925" ind1="0" ind2=" ">
    <subfield code="a">acquire</subfield>
    <subfield code="b">2 shelf copies</subfield>
    <subfield code="x">policy default</subfield>
  </datafield>
  <datafield tag="955" ind1=" " ind2=" ">
    <subfield code="a">to ASCD pc16 10-18-00; jf03 10-19-00; jf04 (subj.) to; jf12 to Dewey 10-23-00 S.L. 10-20-00;aa03 10-23-00; CIP ver pb19 to BCCD 04-20-01</subfield>
  </datafield>
  <datafield tag="010" ind1=" " ind2=" ">
    <subfield code="a">   00051668 </subfield>
  </datafield>
  <datafield tag="020" ind1=" " ind2=" ">
    <subfield code="a">0130284181 (pbk.)</subfield>
  </datafield>
  <datafield tag="040" ind1=" " ind2=" ">
    <subfield code="a">DLC</subfield>
    <subfield code="c">DLC</subfield>
    <subfield code="d">DLC</subfield>
  </datafield>
  <datafield tag="042" ind1=" " ind2=" ">
    <subfield code="a">pcc</subfield>
  </datafield>
  <datafield tag="050" ind1="0" ind2="0">
    <subfield code="a">QA76.73.P22</subfield>
    <subfield code="b">P477 2001</subfield>
  </datafield>
  <datafield tag="082" ind1="0" ind2="0">
    <subfield code="a">005.2/762</subfield>
    <subfield code="2">21</subfield>
  </datafield>
  <datafield tag="245" ind1="0" ind2="0">
    <subfield code="a">Perl :</subfield>
    <subfield code="b">how to program /</subfield>
    <subfield code="c">H.M. Deitel ... [et al.].</subfield>
  </datafield>
  <datafield tag="260" ind1=" " ind2=" ">
    <subfield code="a">Upper Saddle River, N.J. :</subfield>
    <subfield code="b">Prentice Hall,</subfield>
    <subfield code="c">c2001.</subfield>
  </datafield>
  <datafield tag="300" ind1=" " ind2=" ">
    <subfield code="a">xliii, 1057 p. :</subfield>
    <subfield code="b">ill. (some col.) ;</subfield>
    <subfield code="c">23 cm. +</subfield>
    <subfield code="e">1 computer optical disc (4 3/4 in.)</subfield>
  </datafield>
  <datafield tag="440" ind1=" " ind2="0">
    <subfield code="a">How to program series</subfield>
  </datafield>
  <datafield tag="538" ind1=" " ind2=" ">
    <subfield code="a">System requirements for accompanying computer disc: Intel Pentium 133 MHz or faster processor (200 MHz recommended); Microsoft Windows 95 or later; or Microsoft Windows NT 4.0 (or later); or Red Hat Linux 6.0 (or later).</subfield>
  </datafield>
  <datafield tag="504" ind1=" " ind2=" ">
    <subfield code="a">Includes bibliographical references (p. [1027]-1028) and index.</subfield>
  </datafield>
  <datafield tag="650" ind1=" " ind2="0">
    <subfield code="a">Perl (Computer program language)</subfield>
  </datafield>
  <datafield tag="650" ind1=" " ind2="0">
    <subfield code="a">Internet programming.</subfield>
  </datafield>
  <datafield tag="700" ind1="1" ind2=" ">
    <subfield code="a">Deitel, Harvey M.,</subfield>
    <subfield code="d">1945-</subfield>
  </datafield>
</record>