
<record>
  <leader>01996cam a22004093a 4500</leader>
  <controlfield tag="001">16231274</controlfield>
  <controlfield tag="005">20160802113820.0</controlfield>
  <controlfield tag="008">100513s1955    xx            000 0deng  </controlfield>
  <datafield tag="906" ind1=" " ind2=" ">
    <subfield code="a">7</subfield>
    <subfield code="b">cbc</subfield>
    <subfield code="c">orignew</subfield>
    <subfield code="d">2</subfield>
    <subfield code="e">ncip</subfield>
    <subfield code="f">20</subfield>
    <subfield code="g">y-genrareb</subfield>
  </datafield>
  <datafield tag="955" ind1=" " ind2=" ">
    <subfield code="b">he11 2010-05-13</subfield>
    <subfield code="h">he11 2010-05-13</subfield>
  </datafield>
  <datafield tag="010" ind1=" " ind2=" ">
    <subfield code="a">  2010414183</subfield>
  </datafield>
  <datafield tag="040" ind1=" " ind2=" ">
    <subfield code="a">DLC</subfield>
    <subfield code="c">DLC</subfield>
    <subfield code="d">DLC</subfield>
  </datafield>
  <datafield tag="050" ind1="0" ind2="0">
    <subfield code="a">PN2093</subfield>
    <subfield code="b">.C64 1995 no. W104</subfield>
  </datafield>
  <datafield tag="245" ind1="0" ind2="2">
    <subfield code="a">A tale of Chelm.</subfield>
  </datafield>
  <datafield tag="246" ind1="1" ind2="4">
    <subfield code="a">World of Sholom Aleichem.</subfield>
  </datafield>
  <datafield tag="260" ind1=" " ind2=" ">
    <subfield code="c">1955.</subfield>
  </datafield>
  <datafield tag="300" ind1=" " ind2=" ">
    <subfield code="a">1 v. (theater program).</subfield>
  </datafield>
  <datafield tag="520" ind1=" " ind2=" ">
    <subfield code="a">Arena Stage, Zelda Fichandler, managing director, presents &quot;The World of Sholom Aleichem, dramatized by Arnold Perl, based on the production scheme of Howard Da Silva, directed by Mrs. Fichandler, settings by Kenneth Scollon, lighting by Leo Gallenstein, &quot;A Tale of Chelm,&quot; folk story.</subfield>
  </datafield>
  <datafield tag="500" ind1=" " ind2=" ">
    <subfield code="a">Arena Stage, beginning February 15th, 1955.</subfield>
  </datafield>
  <datafield tag="500" ind1=" " ind2=" ">
    <subfield code="a">Title devised by Library staff.</subfield>
  </datafield>
  <datafield tag="500" ind1=" " ind2=" ">
    <subfield code="a">&quot;Playgoer. Arena Stage&quot;--Cover.</subfield>
  </datafield>
  <datafield tag="500" ind1=" " ind2=" ">
    <subfield code="a">Cast: Lester Rawlins, Gerry Hiken, Anne Chodoff, Alan Coates, Rita Fletcher, John Wentworth, Marion Lebduska, Dick O&apos;Meill, Bernice Ross.</subfield>
  </datafield>
  <datafield tag="501" ind1=" " ind2=" ">
    <subfield code="a">With: Bontche Schweig / from I.L. Peretz -- The High School (Gymnasium) / from Sholom Aleichem. Issued together.</subfield>
  </datafield>
  <datafield tag="580" ind1=" " ind2=" ">
    <subfield code="a">In: Richard L. Coe Theater Programs Collection (Library of Congress).</subfield>
  </datafield>
  <datafield tag="500" ind1=" " ind2=" ">
    <subfield code="a">LC copy shelved under: World of Sholom Aleichem.</subfield>
    <subfield code="5">DLC</subfield>
  </datafield>
  <datafield tag="600" ind1="0" ind2="0">
    <subfield code="a">Sholem Aleichem,</subfield>
    <subfield code="d">1859-1916</subfield>
    <subfield code="v">Drama.</subfield>
  </datafield>
  <datafield tag="655" ind1=" " ind2="7">
    <subfield code="a">Theater programs</subfield>
    <subfield code="z">Washington (D.C.)</subfield>
    <subfield code="2">rbgenr</subfield>
  </datafield>
  <datafield tag="655" ind1=" " ind2="7">
    <subfield code="a">Theater programs</subfield>
    <subfield code="y">1955.</subfield>
    <subfield code="2">rbgenr</subfield>
  </datafield>
  <datafield tag="700" ind1="1" ind2=" ">
    <subfield code="a">Fichandler, Zelda,</subfield>
    <subfield code="d">1924-2016.</subfield>
  </datafield>
  <datafield tag="700" ind1="1" ind2=" ">
    <subfield code="a">Da Silva, Howard,</subfield>
    <subfield code="d">1909-1986.</subfield>
  </datafield>
  <datafield tag="700" ind1="1" ind2=" ">
    <subfield code="a">Scollon, Kenneth.</subfield>
  </datafield>
  <datafield tag="700" ind1="1" ind2=" ">
    <subfield code="a">Gallenstein, Leo.</subfield>
  </datafield>
  <datafield tag="700" ind1="1" ind2=" ">
    <subfield code="a">Perl, Arnold.</subfield>
    <subfield code="t">World of Sholem Aleichem.</subfield>
  </datafield>
  <datafield tag="710" ind1="2" ind2=" ">
    <subfield code="a">Arena Stage (Organization : Washington, D.C.)</subfield>
  </datafield>
  <datafield tag="710" ind1="2" ind2=" ">
    <subfield code="a">Richard L. Coe Theater Programs Collection (Library of Congress)</subfield>
    <subfield code="5">DLC</subfield>
  </datafield>
  <datafield tag="752" ind1=" " ind2=" ">
    <subfield code="a">United States</subfield>
    <subfield code="b">District of Columbia</subfield>
    <subfield code="d">Washington.</subfield>
  </datafield>
  <datafield tag="952" ind1=" " ind2=" ">
    <subfield code="a">Coe Programs W104</subfield>
  </datafield>
</record>