
<record>
  <leader>01960cam a22003613a 4500</leader>
  <controlfield tag="001">16158881</controlfield>
  <controlfield tag="005">20190909162945.0</controlfield>
  <controlfield tag="008">100329s1961    xx            000 0deng  </controlfield>
  <datafield tag="906" ind1=" " ind2=" ">
    <subfield code="a">7</subfield>
    <subfield code="b">cbc</subfield>
    <subfield code="c">orignew</subfield>
    <subfield code="d">2</subfield>
    <subfield code="e">ncip</subfield>
    <subfield code="f">20</subfield>
    <subfield code="g">y-genrareb</subfield>
  </datafield>
  <datafield tag="955" ind1=" " ind2=" ">
    <subfield code="b">he11 2010-03-29</subfield>
    <subfield code="h">he11 2010-03-29</subfield>
  </datafield>
  <datafield tag="010" ind1=" " ind2=" ">
    <subfield code="a">  2010367944</subfield>
  </datafield>
  <datafield tag="040" ind1=" " ind2=" ">
    <subfield code="a">DLC</subfield>
    <subfield code="c">DLC</subfield>
    <subfield code="d">DLC</subfield>
  </datafield>
  <datafield tag="050" ind1="0" ind2="0">
    <subfield code="a">PN2093</subfield>
    <subfield code="b">.C64 1995 no. T46</subfield>
  </datafield>
  <datafield tag="245" ind1="0" ind2="0">
    <subfield code="a">Tevya and his daughters.</subfield>
  </datafield>
  <datafield tag="260" ind1=" " ind2=" ">
    <subfield code="c">[1961].</subfield>
  </datafield>
  <datafield tag="300" ind1=" " ind2=" ">
    <subfield code="a">1 v. (theater program).</subfield>
  </datafield>
  <datafield tag="520" ind1=" " ind2=" ">
    <subfield code="a">The Washington Theater Club, John B. Wentworth, managing director presents &quot;Tevya and His Daughters,&quot; by Arnold Perl (based on the Tevya stories of Sholom Aleichem), music by Serge Hovey, choreography by Karen Cross, directed by Leo Garen, sets and costumes by Rachel Mehr, technical direction by Al Miller.</subfield>
  </datafield>
  <datafield tag="500" ind1=" " ind2=" ">
    <subfield code="a">The Washington Theater Club, [June 22-August 6, 1961].</subfield>
  </datafield>
  <datafield tag="500" ind1=" " ind2=" ">
    <subfield code="a">Title devised by Library staff.</subfield>
  </datafield>
  <datafield tag="500" ind1=" " ind2=" ">
    <subfield code="a">Cast: Stefan Gierasch, Rita Fleisher, Karen Cross, Jenny Hecht, Lynn Shamp, Fran Singer, Cara McCormick, Craig Jackson, Sy Travers, John Barrick, Ron Leibman, Miriam Bell, Judy Bell, Anne Shamp, Catherine Porreco.</subfield>
  </datafield>
  <datafield tag="580" ind1=" " ind2=" ">
    <subfield code="a">In: Richard L. Coe Theater Programs Collection (Library of Congress).</subfield>
  </datafield>
  <datafield tag="500" ind1=" " ind2=" ">
    <subfield code="a">LC copy accompanied by typewritten copy press release, with some handwritten corrections &quot;For Potomac exclusively, August 13 issue&quot;.</subfield>
    <subfield code="5">DLC</subfield>
  </datafield>
  <datafield tag="600" ind1="0" ind2="0">
    <subfield code="a">Ṭeṿye</subfield>
    <subfield code="c">(Fictitious character from Sholem Aleichem)</subfield>
    <subfield code="v">Fiction.</subfield>
  </datafield>
  <datafield tag="655" ind1=" " ind2="7">
    <subfield code="a">Theater programs</subfield>
    <subfield code="z">Washington (D.C.)</subfield>
    <subfield code="2">rbgenr</subfield>
  </datafield>
  <datafield tag="655" ind1=" " ind2="7">
    <subfield code="a">Theater programs</subfield>
    <subfield code="y">1961.</subfield>
    <subfield code="2">rbgenr</subfield>
  </datafield>
  <datafield tag="700" ind1="1" ind2=" ">
    <subfield code="a">Garen, Leo.</subfield>
  </datafield>
  <datafield tag="700" ind1="1" ind2=" ">
    <subfield code="a">Hovey, Serge.</subfield>
  </datafield>
  <datafield tag="700" ind1="0" ind2=" ">
    <subfield code="a">Sholem Aleichem,</subfield>
    <subfield code="d">1859-1916.</subfield>
  </datafield>
  <datafield tag="700" ind1="1" ind2=" ">
    <subfield code="a">Perl, Arnold.</subfield>
    <subfield code="t">Tevya and his daughters.</subfield>
  </datafield>
  <datafield tag="710" ind1="2" ind2=" ">
    <subfield code="a">Washington Theater Club (Organization : Washington, D.C.)</subfield>
  </datafield>
  <datafield tag="710" ind1="2" ind2=" ">
    <subfield code="a">Richard L. Coe Theater Programs Collection (Library of Congress)</subfield>
    <subfield code="5">DLC</subfield>
  </datafield>
  <datafield tag="752" ind1=" " ind2=" ">
    <subfield code="a">United States</subfield>
    <subfield code="b">District of Columbia</subfield>
    <subfield code="d">Washington.</subfield>
  </datafield>
  <datafield tag="952" ind1=" " ind2=" ">
    <subfield code="a">Coe Programs T46</subfield>
  </datafield>
</record>