
<record>
  <leader>01956cam a22003975i 4500</leader>
  <controlfield tag="001">17125468</controlfield>
  <controlfield tag="005">20190906103523.0</controlfield>
  <controlfield tag="007">co |||||||||||</controlfield>
  <controlfield tag="008">120118s1999    caua    s     001 0 eng  </controlfield>
  <datafield tag="906" ind1=" " ind2=" ">
    <subfield code="a">0</subfield>
    <subfield code="b">ibc</subfield>
    <subfield code="c">origres</subfield>
    <subfield code="d">2</subfield>
    <subfield code="e">ncip</subfield>
    <subfield code="f">20</subfield>
    <subfield code="g">y-gencatlg</subfield>
  </datafield>
  <datafield tag="925" ind1="0" ind2=" ">
    <subfield code="a">acquire</subfield>
    <subfield code="b">1 shelf copies</subfield>
    <subfield code="x">policy default</subfield>
  </datafield>
  <datafield tag="955" ind1=" " ind2=" ">
    <subfield code="b">xh58 2012-01-18 z-processor</subfield>
    <subfield code="a">xh00 2011-01-18 to USPL/STM</subfield>
    <subfield code="c">re24 2019-06-25 to Subject (episodic telework)</subfield>
    <subfield code="d">re23 2019-09-06 to SL</subfield>
  </datafield>
  <datafield tag="010" ind1=" " ind2=" ">
    <subfield code="a">  2011499954</subfield>
  </datafield>
  <datafield tag="020" ind1=" " ind2=" ">
    <subfield code="a">9781565922860</subfield>
    <subfield code="q">(pbk.)</subfield>
  </datafield>
  <datafield tag="020" ind1=" " ind2=" ">
    <subfield code="a">1565922867</subfield>
    <subfield code="q">(pbk.)</subfield>
  </datafield>
  <datafield tag="020" ind1=" " ind2=" ">
    <subfield code="a">9781565924628</subfield>
  </datafield>
  <datafield tag="040" ind1=" " ind2=" ">
    <subfield code="a">DLC</subfield>
    <subfield code="b">eng</subfield>
    <subfield code="e">rda</subfield>
    <subfield code="c">DLC</subfield>
  </datafield>
  <datafield tag="042" ind1=" " ind2=" ">
    <subfield code="a">pcc</subfield>
  </datafield>
  <datafield tag="050" ind1="0" ind2="0">
    <subfield code="a">QA76.73.P22</subfield>
  </datafield>
  <datafield tag="245" ind1="1" ind2="0">
    <subfield code="a">The Perl CD bookshelf :</subfield>
    <subfield code="b">6 bestselling books on CD-ROM</subfield>
    <subfield code="h">[electronic resource].</subfield>
  </datafield>
  <datafield tag="264" ind1=" " ind2="1">
    <subfield code="a">Sebastopol, CA :</subfield>
    <subfield code="b">O&apos;Reilly,</subfield>
    <subfield code="c">[1999]</subfield>
  </datafield>
  <datafield tag="300" ind1=" " ind2=" ">
    <subfield code="a">1 CD-ROM ;</subfield>
    <subfield code="c">4 3/4 in. +</subfield>
    <subfield code="e">1 text (xviii, 654 pages : illustrations ; 23 cm)</subfield>
  </datafield>
  <datafield tag="336" ind1=" " ind2=" ">
    <subfield code="a">text</subfield>
    <subfield code="b">txt</subfield>
    <subfield code="2">rdacontent</subfield>
  </datafield>
  <datafield tag="337" ind1=" " ind2=" ">
    <subfield code="a">CD-ROM</subfield>
    <subfield code="a">computer</subfield>
    <subfield code="2">rdamedia</subfield>
  </datafield>
  <datafield tag="338" ind1=" " ind2=" ">
    <subfield code="a">volume</subfield>
    <subfield code="b">nc</subfield>
    <subfield code="2">rdacarrier</subfield>
  </datafield>
  <datafield tag="500" ind1=" " ind2=" ">
    <subfield code="a">Accompanying text has title: Perl in a nutshell : a desktop quick reference / Ellen Siever, Stephen Spainhour &amp; Nathan Patwardhan.</subfield>
  </datafield>
  <datafield tag="500" ind1=" " ind2=" ">
    <subfield code="a">Includes index.</subfield>
  </datafield>
  <datafield tag="505" ind1="0" ind2=" ">
    <subfield code="a">Perl in a nutshell / by Ellen Siever, Stephen Spainhour &amp; Nathan Patwardhan -- Programming Perl, 2nd edition / by Larry Wall, Tom Christiansen &amp; Jon Orwant -- Perl cookbook / Tom Christiansen -- Advanced Perl programming / by Sriram Srinivasan -- Learning Perl, 2nd editon / Randal L. Schwartz -- Learning Perl on Wind32 systems / Randal L. Schwartz.</subfield>
  </datafield>
  <datafield tag="650" ind1=" " ind2="0">
    <subfield code="a">Perl (Computer program language)</subfield>
  </datafield>
  <datafield tag="700" ind1="1" ind2="2">
    <subfield code="a">Siever, Ellen.</subfield>
    <subfield code="t">Perl in a nutshell.</subfield>
  </datafield>
  <datafield tag="700" ind1="1" ind2="2">
    <subfield code="a">Wall, Larry.</subfield>
    <subfield code="t">Programming Perl.</subfield>
  </datafield>
  <datafield tag="700" ind1="1" ind2="2">
    <subfield code="a">Christiansen, Tom.</subfield>
    <subfield code="t">Perl cookbook.</subfield>
  </datafield>
  <datafield tag="700" ind1="1" ind2="2">
    <subfield code="a">Srinivasan, Sriram.</subfield>
    <subfield code="t">Advanced Perl programming.</subfield>
  </datafield>
  <datafield tag="700" ind1="1" ind2="2">
    <subfield code="a">Schwartz, Randal L.</subfield>
    <subfield code="t">Learning Perl.</subfield>
  </datafield>
  <datafield tag="700" ind1="1" ind2="2">
    <subfield code="a">Schwartz, Randal L.</subfield>
    <subfield code="t">Learning Perl on Win32 systems.</subfield>
  </datafield>
  <datafield tag="710" ind1="2" ind2=" ">
    <subfield code="a">O&apos;Reilly &amp; Associates.</subfield>
  </datafield>
</record>