
<record>
  <leader>02450cam a2200361 i 4500</leader>
  <controlfield tag="001">19127743</controlfield>
  <controlfield tag="005">20161209151411.0</controlfield>
  <controlfield tag="008">160601t20162016si a     b    000 0 eng c</controlfield>
  <datafield tag="906" ind1=" " ind2=" ">
    <subfield code="a">7</subfield>
    <subfield code="b">cbc</subfield>
    <subfield code="c">orignew</subfield>
    <subfield code="d">1</subfield>
    <subfield code="e">ecip</subfield>
    <subfield code="f">20</subfield>
    <subfield code="g">y-gencatlg</subfield>
  </datafield>
  <datafield tag="925" ind1="0" ind2=" ">
    <subfield code="a">acquire</subfield>
    <subfield code="b">1 shelf copy</subfield>
    <subfield code="x">policy default</subfield>
  </datafield>
  <datafield tag="955" ind1=" " ind2=" ">
    <subfield code="a">OU</subfield>
    <subfield code="e">rl46 2016-06-09 to Dewey</subfield>
    <subfield code="w">xm06 2016-06-09</subfield>
    <subfield code="a">xn08 2016-11-07 1 copy rec&apos;d., to CIP ver.</subfield>
    <subfield code="f">rl09 2016-11-15 ; to CALM</subfield>
  </datafield>
  <datafield tag="010" ind1=" " ind2=" ">
    <subfield code="a">  2016024940</subfield>
  </datafield>
  <datafield tag="020" ind1=" " ind2=" ">
    <subfield code="a">9789813109858</subfield>
    <subfield code="q">(hardcover ;</subfield>
    <subfield code="q">alk. paper)</subfield>
  </datafield>
  <datafield tag="020" ind1=" " ind2=" ">
    <subfield code="a">9813109858</subfield>
    <subfield code="q">(hardcover ;</subfield>
    <subfield code="q">alk. paper)</subfield>
  </datafield>
  <datafield tag="020" ind1=" " ind2=" ">
    <subfield code="a">9789813141025</subfield>
    <subfield code="q">(pbk. ;</subfield>
    <subfield code="q">alk. paper)</subfield>
  </datafield>
  <datafield tag="020" ind1=" " ind2=" ">
    <subfield code="a">9813141026</subfield>
    <subfield code="q">(pbk. ;</subfield>
    <subfield code="q">alk. paper)</subfield>
  </datafield>
  <datafield tag="040" ind1=" " ind2=" ">
    <subfield code="a">OU/DLC</subfield>
    <subfield code="b">eng</subfield>
    <subfield code="c">OU</subfield>
    <subfield code="e">rda</subfield>
    <subfield code="d">DLC</subfield>
  </datafield>
  <datafield tag="042" ind1=" " ind2=" ">
    <subfield code="a">pcc</subfield>
  </datafield>
  <datafield tag="050" ind1="0" ind2="0">
    <subfield code="a">QC28</subfield>
    <subfield code="b">.W65 2016</subfield>
  </datafield>
  <datafield tag="082" ind1="0" ind2="0">
    <subfield code="a">530.079</subfield>
    <subfield code="2">23</subfield>
  </datafield>
  <datafield tag="245" ind1="0" ind2="0">
    <subfield code="a">Wolf prize in physics /</subfield>
    <subfield code="c">edited by Tsvi Piran, Hebrew University of Jerusalem, Israel.</subfield>
  </datafield>
  <datafield tag="264" ind1=" " ind2="1">
    <subfield code="a">Singapore ;</subfield>
    <subfield code="a">Hackensack, NJ :</subfield>
    <subfield code="b">World Scientific Publishing Co. Pte. Ltd.,</subfield>
    <subfield code="c">[2016]</subfield>
  </datafield>
  <datafield tag="264" ind1=" " ind2="4">
    <subfield code="c">©2016</subfield>
  </datafield>
  <datafield tag="300" ind1=" " ind2=" ">
    <subfield code="a">xiii, 1158 pages :</subfield>
    <subfield code="b">illustrations (some color) ;</subfield>
    <subfield code="c">27 cm</subfield>
  </datafield>
  <datafield tag="336" ind1=" " ind2=" ">
    <subfield code="a">text</subfield>
    <subfield code="b">txt</subfield>
    <subfield code="2">rdacontent</subfield>
  </datafield>
  <datafield tag="337" ind1=" " ind2=" ">
    <subfield code="a">unmediated</subfield>
    <subfield code="b">n</subfield>
    <subfield code="2">rdamedia</subfield>
  </datafield>
  <datafield tag="338" ind1=" " ind2=" ">
    <subfield code="a">volume</subfield>
    <subfield code="b">nc</subfield>
    <subfield code="2">rdacarrier</subfield>
  </datafield>
  <datafield tag="504" ind1=" " ind2=" ">
    <subfield code="a">Includes bibliographical references.</subfield>
  </datafield>
  <datafield tag="520" ind1=" " ind2=" ">
    <subfield code="a">&quot;The Wolf Foundation began its activities in 1976, with an initial endowment donated by the Wolf family. Within a very short period of time after its initiation, the Wolf prize has become one of the major signs for recognition of scientific achievements and excellence. This volume is devoted to a selection of Wolf Prize laureates in Physics and each has included two respective major publications as well as a commentary written by the laureate describing his scientific career. Readers around the world are provided a unique opportunity to get a glimpse of how scientific processes work in physics, and to comprehend how these laureates have left an indelible imprint on scientific history. Contributors: Leo P Kadanoff; Michael E Fisher; Martin Perl; Peter B Hirsch; Albert J Libchaber; Joseph H Taylor, Jr.; Michael V Berry; Anthony J Leggett; Bertrand I Halperin; Peter W Higgs; François Englert; Daniel Kleppner; Albert Fert; Anton Zeilinger; John F Clauser; Harald Rose; Maximilian Haider; Jacob D Bekenstein; Juan Ignacio Cirac; Peter Zoller&quot;--</subfield>
    <subfield code="c">Provided by publisher.</subfield>
  </datafield>
  <datafield tag="650" ind1=" " ind2="0">
    <subfield code="a">Physics</subfield>
    <subfield code="x">Awards.</subfield>
  </datafield>
  <datafield tag="650" ind1=" " ind2="0">
    <subfield code="a">Wolf Foundation Prizes.</subfield>
  </datafield>
  <datafield tag="700" ind1="1" ind2=" ">
    <subfield code="a">Piran, Tsvi,</subfield>
    <subfield code="d">1949-</subfield>
    <subfield code="e">editor.</subfield>
  </datafield>
  <datafield tag="985" ind1=" " ind2=" ">
    <subfield code="a">OUCIP</subfield>
    <subfield code="d">2016-06-09</subfield>
  </datafield>
</record>